<record><leader>00000cas a22000007a 4500</leader><controlfield tag="001">1566609</controlfield><controlfield tag="008">750824c19429999ndudn ne      0   a0eng d</controlfield><datafield ind1=" " ind2=" " tag="010"><subfield code="a">sn 88076017 </subfield></datafield><datafield ind1=" " ind2=" " tag="040"><subfield code="a">MUL</subfield><subfield code="b">eng</subfield><subfield code="c">MUL</subfield><subfield code="d">OCL</subfield><subfield code="d">NOP</subfield><subfield code="d">OCL</subfield><subfield code="d">NSD</subfield><subfield code="d">OCL</subfield><subfield code="d">OCLCQ</subfield><subfield code="d">CUS</subfield></datafield><datafield ind1=" " ind2=" " tag="012"><subfield code="b">3</subfield><subfield code="m">1</subfield></datafield><datafield ind1=" " ind2=" " tag="019"><subfield code="a">17971157</subfield></datafield><datafield ind1="1" ind2=" " tag="022"><subfield code="a">1049-6718</subfield><subfield code="l">1049-6718</subfield><subfield code="2">1</subfield></datafield><datafield ind1=" " ind2=" " tag="032"><subfield code="a">156680</subfield><subfield code="b">USPS</subfield></datafield><datafield ind1=" " ind2=" " tag="037"><subfield code="b">The Dickinson Press, 127 W. First St., POB 1367, Dickinson, ND 58602-1367</subfield></datafield><datafield ind1=" " ind2=" " tag="042"><subfield code="a">msc</subfield><subfield code="a">nsdp</subfield></datafield><datafield ind1=" " ind2="4" tag="050"><subfield code="a">AN</subfield></datafield><datafield ind1="0" ind2=" " tag="130"><subfield code="a">Dickinson press (Dickinson, N.D. : 1942)</subfield></datafield><datafield ind1=" " ind2="4" tag="222"><subfield code="a">The Dickinson press</subfield><subfield code="b">(Dickinson, N.D. 1942)</subfield></datafield><datafield ind1="0" ind2="4" tag="245"><subfield code="a">The Dickinson press.</subfield></datafield><datafield ind1=" " ind2=" " tag="260"><subfield code="a">Dickinson, N.D. :</subfield><subfield code="b">Dickinson Pub. Co.,</subfield></datafield><datafield ind1=" " ind2=" " tag="300"><subfield code="a">v. :</subfield><subfield code="b">ill.</subfield><subfield code="c">56 cm.</subfield></datafield><datafield ind1=" " ind2=" " tag="310"><subfield code="a">Daily (except Mondays),</subfield><subfield code="b">&lt;Feb. 16, 1990-&gt;</subfield></datafield><datafield ind1=" " ind2=" " tag="321"><subfield code="a">Daily (except Sundays and Mondays),</subfield><subfield code="b">Feb. 17, 1942-</subfield></datafield><datafield ind1=" " ind2=" " tag="336"><subfield code="a">text</subfield><subfield code="b">txt</subfield><subfield code="2">rdacontent</subfield></datafield><datafield ind1=" " ind2=" " tag="337"><subfield code="a">unmediated</subfield><subfield code="b">n</subfield><subfield code="2">rdamedia</subfield></datafield><datafield ind1=" " ind2=" " tag="338"><subfield code="a">volume</subfield><subfield code="b">cr</subfield><subfield code="2">rdacarrier</subfield></datafield><datafield ind1="0" ind2=" " tag="362"><subfield code="a">Vol. 60, no. 4 (Feb. 17, 1942)-</subfield></datafield><datafield ind1=" " ind2=" " tag="500"><subfield code="a">Special editions: July 2, 1957 (75th Jubilee); Feb. 28, 1961 (Dakota Territorial Centennial); July 1, 1982 (Centennial).</subfield></datafield><datafield ind1=" " ind2=" " tag="500"><subfield code="a">"Official city and county newspaper."</subfield></datafield><datafield ind1=" " ind2=" " tag="530"><subfield code="a">Available on microfilm from the State Historical Society of North Dakota.</subfield></datafield><datafield ind1=" " ind2=" " tag="752"><subfield code="a">United States</subfield><subfield code="b">North Dakota</subfield><subfield code="c">Stark</subfield><subfield code="d">Dickinson.</subfield></datafield><datafield ind1="0" ind2="0" tag="780"><subfield code="t">Dickinson press and Dickinson recorder-post, Richardton times and Belfield review</subfield><subfield code="w">(DLC)sn 88076016</subfield></datafield><datafield ind1="4" ind2="1" tag="856"><subfield code="3">EBSCOhost: 08/07/2008 to present.</subfield><subfield code="u">http://search.ebscohost.com/login.aspx?direct=true&amp;db=nfh&amp;jn=Dickinson+Press,+The+(ND)&amp;site=ehost-live&amp;scope=site</subfield></datafield><datafield ind1=" " ind2=" " tag="936"><subfield code="a">Vol. 106, no. 336 (Feb. 16, 1990) LIC</subfield></datafield><datafield ind1="1" ind2=" " tag="029"><subfield code="a">AU@</subfield><subfield code="b">000025834696</subfield></datafield></record>